
@article{Held1999,
  title = {The {{Surface Branch}} of the {{Zonally Averaged Mass Transport Circulation}} in the {{Troposphere}}},
  volume = {56},
  issn = {0022-4928},
  number = {11},
  journal = {J. Atmos. Sci.},
  author = {Held, Isaac M. and Schneider, Tapio},
  month = jun,
  year = {1999},
  pages = {1688-1697}
}

@misc{EuropeanCentreForMedium-RangeWeatherForecasts2017,
  title = {{{ERA5 Reanalysis}}},
  publisher = {{UCAR/NCAR - Research Data Archive}},
  author = {{European Centre For Medium-Range Weather Forecasts}},
  year = {2017}
}

@article{Rosen1990,
  title = {Discrepancies in the {{Earth}}-Atmosphere Angular Momentum Budget},
  volume = {95},
  copyright = {Copyright 1990 by the American Geophysical Union.},
  issn = {2156-2202},
  number = {B1},
  journal = {J. Geophys. Res. Solid Earth},
  author = {Rosen, Richard D. and Salstein, David A. and Wood, Tamara M.},
  year = {1990},
  pages = {265-279}
}

@article{Lettau1954,
  title = {A Study of the Mass, Momentum and Energy Budget of the Atmosphere},
  volume = {7},
  issn = {1436-5065},
  number = {1},
  journal = {Arch. Met. Geoph. Biokl. A.},
  author = {Lettau, Heinz},
  month = jun,
  year = {1954},
  keywords = {Energy Budget,Entropy,Expenditure Rate,Global Radiation,Precipitable Water},
  pages = {133-157}
}

@article{Richter2008,
  title = {Effects of {{Convective Momentum Transport}} on the {{Atmospheric Circulation}} in the {{Community Atmosphere Model}}, {{Version}} 3},
  volume = {21},
  issn = {0894-8755},
  number = {7},
  journal = {J. Climate},
  author = {Richter, Jadwiga H. and Rasch, Philip J.},
  month = apr,
  year = {2008},
  pages = {1487-1499}
}

@article{Dickey1992,
  title = {The {{Earth}}'s {{Angular Momentum Budget}} on {{Subseasonal Time Scales}}},
  volume = {255},
  copyright = {1992 by the American Association for the Advancement of Science},
  issn = {0036-8075, 1095-9203},
  number = {5042},
  journal = {Science},
  author = {Dickey, J. O. and Marcus, S. L. and Steppe, J. A. and Hide, R.},
  month = jan,
  year = {1992},
  pages = {321-324},
  pmid = {17779582}
}

@article{Wills2015,
  title = {Stationary {{Eddies}} and the {{Zonal Asymmetry}} of {{Net Precipitation}} and {{Ocean Freshwater Forcing}}},
  volume = {28},
  issn = {0894-8755, 1520-0442},
  number = {13},
  journal = {J. Clim.},
  author = {Wills, Robert C. and Schneider, Tapio},
  month = jul,
  year = {2015},
  pages = {5115-5133}
}

@article{Boer1982,
  title = {Diagnostic {{Equations}} in {{Isobaric Coordinates}}},
  volume = {110},
  issn = {0027-0644},
  number = {12},
  journal = {Mon. Wea. Rev.},
  author = {Boer, G. J.},
  month = dec,
  year = {1982},
  pages = {1801-1820}
}


