
@article{Peixoto2008,
  title = {Physics of {{Climate}}},
  volume = {45},
  issn = {0031-9228, 1945-0699},
  number = {8},
  journal = {Phys. Today},
  author = {Peixoto, Jos\'e P. and Oort, Abraham H. and Covey, Curt and Taylor, Karl},
  month = jan,
  year = {2008},
  pages = {67-67}
}

@book{Andrews1987,
  title = {Middle {{Atmosphere Dynamics}}},
  isbn = {978-0-12-058576-2},
  publisher = {{Academic Press}},
  author = {Andrews, David G. and Holton, James R. and Leovy, Conway B.},
  year = {1987},
  keywords = {Science / Earth Sciences / General,Science / Earth Sciences / Meteorology \& Climatology}
}

@article{Holton1973,
  title = {An {{Introduction}} to {{Dynamic Meteorology}}},
  volume = {41},
  issn = {0002-9505},
  journal = {American Journal of Physics},
  author = {Holton, James R. and Staley, D. O.},
  month = may,
  year = {1973},
  pages = {752-754}
}

@article{Holton1973a,
  title = {An {{Introduction}} to {{Dynamic Meteorology}}},
  volume = {41},
  journal = {Am. J. Phys.},
  author = {Holton, James R. and Staley, D. O.},
  year = {1973},
  pages = {752--754}
}

@inproceedings{Holton1975,
  title = {The Dynamic Meteorology of the Stratosphere and Mesosphere},
  volume = {15},
  booktitle = {Research Supported by the {{National Science Foundation Boston}}, {{American Meteorological Society}} ({{Meteorological Monograph}}. {{Volume}} 15, {{No}}. 37), 1975. 224 p},
  author = {Holton, J. R.},
  year = {1975},
  keywords = {Mesosphere,Stratosphere,Atmospheric Circulation,Atmospheric Models,Atmospheric Physics,Baroclinic Waves,Latitude,Meteorological Charts,Meteorological Parameters,Radiative Heat Transfer,Rossby Regimes,Stratospheric Warming,Synoptic Meteorology,Tropical Meteorology,Wave Equations,Zonal Flow (Meteorology)}
}

@incollection{Oort1983,
  series = {Theory of {{Climate}}},
  title = {Global {{Angular Momentum}} and {{Energy Balance Requirements}} from {{Observations}}},
  volume = {25},
  booktitle = {Advances in {{Geophysics}}},
  publisher = {{Elsevier}},
  author = {Oort, Abraham H. and Peix\'oto, Jos\'e P.},
  editor = {Saltzman, Barry},
  month = jan,
  year = {1983},
  pages = {355-490}
}

@book{Gill1982,
  address = {New York},
  edition = {1},
  title = {Atmosphere-Ocean Dynamics},
  volume = {30},
  isbn = {978-0-12-283522-3 978-0-12-283520-9},
  publisher = {{Academic Press}},
  author = {Gill, Adrian E},
  year = {1982},
  note = {OCLC: 8452392}
}


