
@article{King2015,
  title = {Investigation of the Atmospheric Mechanisms Related to the Autumn Sea Ice and Winter Circulation Link in the {{Northern Hemisphere}}},
  issn = {0930-7575, 1432-0894},
  journal = {Clim Dyn},
  author = {King, Martin P. and Hell, Momme and Keenlyside, Noel},
  month = may,
  year = {2015},
  keywords = {Climate impact of Arctic sea ice,Climatology,Geophysics/Geodesy,North Atlantic Oscillation,Oceanography,Sea ice-atmosphere interaction,Stratosphere downward propagation},
  pages = {1-11}
}

@article{Charney1962,
  title = {On the {{Stability}} of {{Internal Baroclinic Jets}} in a {{Rotating Atmosphere}}},
  volume = {19},
  issn = {0022-4928},
  number = {2},
  journal = {J. Atmos. Sci.},
  author = {Charney, J. G. and Stern, M. E.},
  month = mar,
  year = {1962},
  pages = {159-172}
}

@article{Peixoto2008,
  title = {Physics of {{Climate}}},
  volume = {45},
  issn = {0031-9228, 1945-0699},
  number = {8},
  journal = {Phys. Today},
  author = {Peixoto, Jos\'e P. and Oort, Abraham H. and Covey, Curt and Taylor, Karl},
  month = jan,
  year = {2008},
  pages = {67-67}
}

@article{Andrews1976,
  title = {Planetary Waves in Horizontal and Vertical Shear: {{The}} Generalized {{Eliassen}}-{{Palm}} Relation and the Mean Zonal Acceleration},
  volume = {33},
  issn = {0022-4928},
  shorttitle = {Planetary {{Waves}} in {{Horizontal}} and {{Vertical Shear}}},
  journal = {J. Atmos. Sci.},
  author = {Andrews, D. G. and McIntyre, M. E.},
  month = nov,
  year = {1976},
  pages = {2031-2048}
}

@article{Held1980,
  title = {Nonlinear {{Axially Symmetric Circulations}} in a {{Nearly Inviscid Atmosphere}}},
  volume = {37},
  issn = {0022-4928},
  number = {3},
  journal = {J. Atmos. Sci.},
  author = {Held, Isaac M. and Hou, Arthur Y.},
  month = mar,
  year = {1980},
  pages = {515-533}
}

@article{Ciasto2008,
  title = {Observations of {{Large}}-{{Scale Ocean}}\textendash{{Atmosphere Interaction}} in the {{Southern Hemisphere}}},
  volume = {21},
  issn = {0894-8755},
  number = {6},
  journal = {J. Climate},
  author = {Ciasto, Laura M. and Thompson, David W. J.},
  month = mar,
  year = {2008},
  pages = {1244-1259}
}

@article{Edmon1980,
  title = {Eliassen-{{Palm Cross Sections}} for the {{Troposphere}}},
  volume = {37},
  issn = {0022-4928},
  number = {12},
  journal = {J. Atmos. Sci.},
  author = {Edmon, H. J. and Hoskins, B. J. and McIntyre, M. E.},
  month = dec,
  year = {1980},
  pages = {2600-2616}
}

@article{Hwang,
  title = {Connecting {{Tropical Climate Change}} with {{Southern Ocean Heat Uptake}}},
  issn = {1944-8007},
  journal = {Geophys. Res. Lett.},
  author = {Hwang, Yen-Ting and Xie, Shang-Ping and Deser, Clara and Kang, Sarah M.},
  keywords = {0429 Climate dynamics,1626 Global climate models,1637 Regional climate change,3305 Climate change and variability,3339 Ocean/atmosphere interactions,Global warming,lesen,Heat Uptake,Teleconnection},
  pages = {2017GL074972}
}

@article{Held2001,
  title = {The {{Partitioning}} of the {{Poleward Energy Transport}} between the {{Tropical Ocean}} and {{Atmosphere}}},
  volume = {58},
  issn = {0022-4928},
  number = {8},
  journal = {J. Atmos. Sci.},
  author = {Held, Isaac M.},
  month = apr,
  year = {2001},
  pages = {943-948}
}

@article{Ait-Chaalal2014,
  title = {Why {{Eddy Momentum Fluxes}} Are {{Concentrated}} in the {{Upper Troposphere}}},
  volume = {72},
  issn = {0022-4928},
  number = {4},
  journal = {J. Atmos. Sci.},
  author = {{Ait-Chaalal}, Farid and Schneider, Tapio},
  month = dec,
  year = {2014},
  pages = {1585-1604}
}

@article{Chang2017,
  title = {Projected {{Significant Increase}} in the {{Number}} of {{Extreme Extratropical Cyclones}} in the {{Southern Hemisphere}}},
  volume = {30},
  issn = {0894-8755},
  number = {13},
  journal = {J. Climate},
  author = {Chang, Edmund K. M.},
  month = jan,
  year = {2017},
  pages = {4915-4935}
}

@article{Tamarin-Brodsky2017,
  title = {Enhanced Poleward Propagation of Storms under Climate Change},
  volume = {10},
  copyright = {2017 The Author(s)},
  issn = {1752-0908},
  number = {12},
  journal = {Nat. Geosci.},
  author = {{Tamarin-Brodsky}, Talia and Kaspi, Yohai},
  month = dec,
  year = {2017},
  pages = {908}
}

@article{Mbengue2013,
  title = {Storm {{Track Shifts}} under {{Climate Change}}: {{What Can Be Learned}} from {{Large}}-{{Scale Dry Dynamics}}},
  volume = {26},
  issn = {0894-8755},
  shorttitle = {Storm {{Track Shifts}} under {{Climate Change}}},
  number = {24},
  journal = {J. Climate},
  author = {Mbengue, Cheikh and Schneider, Tapio},
  month = oct,
  year = {2013},
  pages = {9923-9930}
}

@article{Mbengue2018,
  title = {Linking {{Hadley Circulation}} and {{Storm Tracks}} in a {{Conceptual Model}} of the {{Atmospheric Energy Balance}}},
  volume = {75},
  issn = {0022-4928},
  number = {3},
  journal = {J. Atmos. Sci.},
  author = {Mbengue, Cheikh and Schneider, Tapio},
  month = jan,
  year = {2018},
  pages = {841-856}
}

@article{Mbengue2016,
  title = {Storm-{{Track Shifts}} under {{Climate Change}}: {{Toward}} a {{Mechanistic Understanding Using Baroclinic Mean Available Potential Energy}}},
  volume = {74},
  issn = {0022-4928},
  shorttitle = {Storm-{{Track Shifts}} under {{Climate Change}}},
  number = {1},
  journal = {J. Atmos. Sci.},
  author = {Mbengue, Cheikh and Schneider, Tapio},
  month = oct,
  year = {2016},
  pages = {93-110}
}

@article{Shepherd2012,
  title = {A {{Reconciled Estimate}} of {{Ice}}-{{Sheet Mass Balance}}},
  volume = {338},
  copyright = {Copyright \textcopyright{} 2012, American Association for the Advancement of Science},
  issn = {0036-8075, 1095-9203},
  number = {6111},
  journal = {Science},
  author = {Shepherd, Andrew and Ivins, Erik R. and A, Geruo and Barletta, Valentina R. and Bentley, Mike J. and Bettadpur, Srinivas and Briggs, Kate H. and Bromwich, David H. and Forsberg, Ren\'e and Galin, Natalia and Horwath, Martin and Jacobs, Stan and Joughin, Ian and King, Matt A. and Lenaerts, Jan T. M. and Li, Jilu and Ligtenberg, Stefan R. M. and Luckman, Adrian and Luthcke, Scott B. and McMillan, Malcolm and Meister, Rakia and Milne, Glenn and Mouginot, Jeremie and Muir, Alan and Nicolas, Julien P. and Paden, John and Payne, Antony J. and Pritchard, Hamish and Rignot, Eric and Rott, Helmut and S\o{}rensen, Louise Sandberg and Scambos, Ted A. and Scheuchl, Bernd and Schrama, Ernst J. O. and Smith, Ben and Sundal, Aud V. and van Angelen, Jan H. and van de Berg, Willem J. and van den Broeke, Michiel R. and Vaughan, David G. and Velicogna, Isabella and Wahr, John and Whitehouse, Pippa L. and Wingham, Duncan J. and Yi, Donghui and Young, Duncan and Zwally, H. Jay},
  month = nov,
  year = {2012},
  pages = {1183-1189},
  pmid = {23197528}
}

@article{L'Heureux2006,
  title = {Observed {{Relationships}} between the {{El Ni\~no}}\textendash{{Southern Oscillation}} and the {{Extratropical Zonal}}-{{Mean Circulation}}},
  volume = {19},
  issn = {0894-8755},
  number = {2},
  journal = {J. Climate},
  author = {L'Heureux, Michelle L. and Thompson, David W. J.},
  month = jan,
  year = {2006},
  pages = {276-287}
}

@article{Thompson2013,
  title = {Barotropic and {{Baroclinic Annular Variability}} in the {{Southern Hemisphere}}},
  volume = {71},
  issn = {0022-4928},
  number = {4},
  journal = {J. Atmos. Sci.},
  author = {Thompson, David W. J. and Woodworth, Jonathan D.},
  month = nov,
  year = {2013},
  pages = {1480-1493}
}

@article{Lorenz1963,
  title = {Deterministic {{Nonperiodic Flow}}},
  volume = {20},
  issn = {0022-4928},
  number = {2},
  journal = {J. Atmos. Sci.},
  author = {Lorenz, Edward N.},
  month = mar,
  year = {1963},
  pages = {130-141}
}

@book{Solomon2007,
  title = {Climate Change 2007: The Physical Science Basis. {{Contribution}} of {{Working Group I}} to the {{Fourth Assessment Report}} of the {{Intergovernmental Panel}} on {{Climate Change}}},
  shorttitle = {Climate Change 2007},
  publisher = {{Cambridge University Press, Cambridge New York}},
  author = {Solomon, Susan and Qin, Dahe and Manning, Martin and Chen, Zhenlin and Marquis, M. and Averyt, K. B. and Tignor, M. and Miller, H. Leroy},
  year = {2007}
}

@article{Mazloff2010,
  title = {An {{Eddy}}-{{Permitting Southern Ocean State Estimate}}},
  volume = {40},
  issn = {0022-3670, 1520-0485},
  number = {5},
  journal = {J. Phys. Oceanogr.},
  author = {Mazloff, Matthew R. and Heimbach, Patrick and Wunsch, Carl},
  month = may,
  year = {2010},
  pages = {880-899}
}

@article{Sodemann2013,
  title = {Moisture {{Origin}} and {{Meridional Transport}} in {{Atmospheric Rivers}} and {{Their Association}} with {{Multiple Cyclones}}},
  volume = {141},
  issn = {0027-0644},
  number = {8},
  journal = {Mon. Wea. Rev.},
  author = {Sodemann, Harald and Stohl, Andreas},
  month = jan,
  year = {2013},
  pages = {2850-2868}
}

@article{Wills2018,
  title = {Mechanisms {{Setting}} the {{Strength}} of {{Orographic Rossby Waves}} across a {{Wide Range}} of {{Climates}} in a {{Moist Idealized GCM}}},
  volume = {31},
  issn = {0894-8755},
  number = {18},
  journal = {J. Climate},
  author = {Wills, Robert C. J. and Schneider, Tapio},
  month = jun,
  year = {2018},
  pages = {7679-7700}
}

@article{Hellinpreparation],
  title = {Atmospheric {{Circulation Response}} to {{Episodic Arctic Warming}} in an {{Idealized Model}}},
  journal = {J. Atmospheric Sci.},
  author = {Hell, Momme and Schneider, Tapio and Li, Camille},
  year = {in preparation]}
}

@article{Manabe1967,
  title = {Thermal {{Equilibrium}} of the {{Atmosphere}} with a {{Given Distribution}} of {{Relative Humidity}}},
  volume = {24},
  issn = {0022-4928},
  number = {3},
  journal = {J. Atmos. Sci.},
  author = {Manabe, Syukuro and Wetherald, Richard T.},
  month = may,
  year = {1967},
  pages = {241-259}
}

@article{Paloczy2018,
  title = {Oceanic Heat Delivery to the {{Antarctic}} Continental Shelf: {{Large}}-Scale, Low-Frequency Variability},
  volume = {[in press]},
  journal = {J. Geophys. Res. - Oceans},
  author = {Pal\'oczy, Andre and Gille, S. T. and McClean, Julie L.},
  year = {2018}
}

@article{Williams2009,
  title = {The Effect of Submergence on the Scattering by the Interface between Two Semi-Infinite Sheets},
  volume = {25},
  issn = {0889-9746},
  number = {5},
  journal = {Journal of Fluids and Structures},
  author = {Williams, T. D. and Porter, R.},
  month = jul,
  year = {2009},
  keywords = {Sea-ice,Finite draft,Galerkin scheme,Wave-ice interaction},
  pages = {777-793}
}

@article{Uchiyama2008,
  title = {Infragravity Waves in the Deep Ocean: {{Generation}}, Propagation, and Seismic Hum Excitation},
  volume = {113},
  issn = {0148-0227},
  shorttitle = {Infragravity Waves in the Deep Ocean},
  number = {C7},
  journal = {J. Geophys. Res.},
  author = {Uchiyama, Yusuke and McWilliams, James C.},
  month = jul,
  year = {2008}
}

@article{Robinson2000,
  title = {A {{Baroclinic Mechanism}} for the {{Eddy Feedback}} on the {{Zonal Index}}},
  volume = {57},
  issn = {0022-4928},
  number = {3},
  journal = {J. Atmos. Sci.},
  author = {Robinson, Walter A.},
  month = feb,
  year = {2000},
  pages = {415-422}
}

@article{Schneider2017b,
  title = {Feedback of {{Atmosphere}}-{{Ocean Coupling}} on {{Shifts}} of the {{Intertropical Convergence Zone}}},
  volume = {44},
  copyright = {\textcopyright{}2017. American Geophysical Union. All Rights Reserved.},
  issn = {1944-8007},
  number = {22},
  journal = {Geophys. Res. Lett.},
  author = {Schneider, Tapio},
  month = nov,
  year = {2017},
  keywords = {ITCZ,atmosphere-ocean coupling,energy balance},
  pages = {11,644-11,653}
}

@article{Ardhuin2012c,
  title = {Numerical {{Wave Modeling}} in {{Conditions}} with {{Strong Currents}}: {{Dissipation}}, {{Refraction}}, and {{Relative Wind}}},
  volume = {42},
  issn = {0022-3670},
  shorttitle = {Numerical {{Wave Modeling}} in {{Conditions}} with {{Strong Currents}}},
  number = {12},
  journal = {J. Phys. Oceanogr.},
  author = {Ardhuin, Fabrice and Roland, Aron and Dumas, Franck and Bennis, Anne-Claire and Sentchev, Alexei and Forget, Philippe and Wolf, Judith and Girard, Fran{\c c}oise and Osuna, Pedro and Benoit, Michel},
  month = jul,
  year = {2012},
  pages = {2101-2120}
}

@article{Starr1970,
  title = {Momentum and Zonal Kinetic Energy Balance of the Atmosphere from Five Years of Hemispheric Data},
  volume = {22},
  copyright = {1970 Blackwell Munksgaard},
  issn = {2153-3490},
  number = {3},
  journal = {Tellus},
  author = {Starr, Victor P. and Peixoto, Jose P. and Gaut, Norman E.},
  month = jun,
  year = {1970},
  pages = {251-274}
}

@article{Hwang2017,
  title = {Connecting Tropical Climate Change with {{Southern Ocean}} Heat Uptake},
  volume = {44},
  copyright = {\textcopyright{}2017. American Geophysical Union. All Rights Reserved.},
  issn = {1944-8007},
  number = {18},
  journal = {Geophys. Res. Lett.},
  author = {Hwang, Yen-Ting and Xie, Shang-Ping and Deser, Clara and Kang, Sarah M.},
  month = sep,
  year = {2017},
  keywords = {global warming,heat uptake,teleconnection},
  pages = {9449-9457}
}

@article{Fogt2006,
  title = {Decadal {{Variability}} of the {{ENSO Teleconnection}} to the {{High}}-{{Latitude South Pacific Governed}} by {{Coupling}} with the {{Southern Annular Mode}}},
  volume = {19},
  issn = {0894-8755},
  number = {6},
  journal = {J. Climate},
  author = {Fogt, Ryan L. and Bromwich, David H.},
  month = mar,
  year = {2006},
  pages = {979-997}
}

@article{Pedro2018,
  title = {Beyond the Bipolar Seesaw: {{Toward}} a Process Understanding of Interhemispheric Coupling},
  volume = {192},
  issn = {0277-3791},
  shorttitle = {Beyond the Bipolar Seesaw},
  journal = {Quaternary Science Reviews},
  author = {Pedro, Joel B. and Jochum, Markus and Buizert, Christo and He, Feng and Barker, Stephen and Rasmussen, Sune O.},
  month = jul,
  year = {2018},
  keywords = {Sea ice,Southern Ocean,Antarctic Circumpolar Current,Antarctic Isotope Maximum,Atlantic Meridional Overturning Circulation,Bipolar ocean seesaw,Dansgaard–oeschger event,Millennial-scale climate variability},
  pages = {27-46}
}


